@Book{EmotionInSpeech,
	AUTHOR={Rao, K. Sreenivasa  and Koolagudi, Shashidhar G.  },
	YEAR = { 2012},
	TITLE={Emotion Recognition using Speech Features},	
	EDITION = {1. Auflage},
	ISBN = {978-1461451433},
	PUBLISHER = {Springer Science and Business Media},
	ADDRESS = {Berlin, Deutschland},
}
@Book{EmotionInSound,
	AUTHOR={Popova, Anastasiya S. and Rassadin, Alexandr G. and Ponomarenko, Alexander A. },
	YEAR = { 2017},
	TITLE={Emotion Recognition in Sound},	
	EDITION = {},
	ISBN = {978-3319666037},
	PUBLISHER = {Springer Verlag},
	ADDRESS = {Cham, Deutschland},
}
@BOOK{MusicEmotion,
	AUTHOR = {Yang, 	Yi-Hsuan and Chen, Homer H. },
	YEAR = { 2011},
	TITLE = {Music Emotion Recognition },
	EDITION = {},
	ISBN = {978-1466508927},
	PUBLISHER = {CRC Press,},
	ADDRESS = {Boca Raton Florida},
}
@BOOK{FaceRec,
	AUTHOR = {Leeland, Katherine B.},
	YEAR = {2008},
	TITLE = {Face Recongnition: New Research },
	EDITION = {1. Aufl.},
	ISBN = {978-16045646625},
	PUBLISHER = {Nova Science Publishers INC},
	ADDRESS = {},
}
@BOOK{HandbookFaceRec,
	AUTHOR = {Li, Stan Z.and Jain, Anil K. },
	YEAR = {2005},
	TITLE = {Handbook of Face Recognition },
	EDITION = {},
	ISBN = {978-0387405957},
	PUBLISHER = {Springer Science and Business Media},
	ADDRESS = {},
}
@BOOK{IEEE,
	AUTHOR = {Saranya, R Benedict and Kumar, J. Satheesh  },
	YEAR = {2017},
	TITLE = {Geometric shaped facial feature extraction for face recognition},
	EDITION = {},
	ISBN = {978-1509037698},
	PUBLISHER = {IEEE},
	ADDRESS = {Coimbatore - India},
}

@BOOK{Projektmanagement,
	AUTHOR = {Schneider Patrickand Witschi Urs and Wüst Roger },
	YEAR = {2018},
	TITLE = {Handbuch Projektmanagement: Agil – Klassisch – Hybrid },
	EDITION = {Auflage 4},
	ISBN = {978-3662578773},
	PUBLISHER = {"Springer Gabler"},
	ADDRESS = {Sebastopol},
}
@BOOK{Supervised,
	AUTHOR = {Johnston, Benjamin and  Mathur, Ishita  },
	YEAR = {2019},
	TITLE = {Applied Supervised Learning with Python },
	EDITION = {Auflage 1},
	ISBN = {978-1789955835},
	PUBLISHER = {Packt Publishing Ltd},
	ADDRESS = {Birmingham},
}


@BOOK{Unsupervised,
	AUTHOR = {Bonaccorsor Giuseppe  },
	YEAR = {2019},
	TITLE = {Hands-On Unsupervised Learning with Python },
	EDITION = {Auflage 1},
	ISBN =  {978-1789349276},
	PUBLISHER = {Packt Publishing Ltd},
	ADDRESS = {Birmingham},
}


@MISC{mixedArticle,
AUTHOR={Schreiner, Maximilian},
TITLE={Künstliche Intelligenz: Emotionserkennung will gelernt sein},
HOWPUBLISHED={ https://mixed.de/kuenstliche-intelligenz-emotionserkennung-will-gelernt-sein/},
YEAR={2019},
NOTE={Einsichtnahme:24.01.2020}
}
@MISC{Frauenhofer,
AUTHOR={Diederichs, Dr. Frederik },
TITLE={KI-gestützte Emotionserkennung im Fahrzeug aus physiologischen Daten},
HOWPUBLISHED={ https://www.hci.iao.fraunhofer.de/de/Human-Centered-AI/feinfuehlige-technik/KI-gestuetzte-Emotionserkennung.html},
YEAR={2020},
NOTE={Einsichtnahme:24.01.2020}
}
@MISC{SZ,
AUTHOR={Kuhn, Johannes},
TITLE={Emotionen sind schwer definierbar},
HOWPUBLISHED={https://www.sueddeutsche.de/digital/smartphone-software-emotionen-simulation-ki-1.4377004-2},
YEAR={2019},
NOTE={Einsichtnahme:24.01.2020}
}
@MISC{netguru,
AUTHOR={Opala, Mateusz},
TITLE={Top Machine Learning Frameworks Compared: Scikit-Learn, Dlib, MLib, Tensorflow, and More},
HOWPUBLISHED={https://www.netguru.com/blog/top-machine-learning-frameworks-compared},
YEAR = {2018},
NOTE={Einsichtnahme:07.03.2020}
}
@MISC{Dlib,
TITLE={Dlib C++ Library},
HOWPUBLISHED={http://dlib.net/},
YEAR = {2019},
NOTE={Einsichtnahme:07.03.2020}
}
@MISC{Keras,
AUTHOR={Stefan Luber, Nico Litzel},
TITLE={Was ist Keras?},
HOWPUBLISHED={https://www.bigdata-insider.de/was-ist-keras-a-726546},
YEAR={2018},
NOTE={Einsichtnahme:24.01.2020}
}
@MISC{CK,
AUTHOR={Cohn, Jeffrey F. and Kanade, Takeo and Tian, Yingli},
TITLE={Comprehensive Database for Facial Expression Analysis},
HOWPUBLISHED={ http://www.consortium.ri.cmu.edu/ckagree/},
YEAR={2000},
NOTE={Einsichtnahme:07.03.2020}
}
@MISC{willberger,
AUTHOR={Will Berger},
TITLE={DEEP LEARNING HAAR CASCADE EXPLAINED},
HOWPUBLISHED={ http://www.willberger.org/cascade-haar-explained/},
YEAR={2018},
NOTE={Einsichtnahme: 22.03.2020}
}
@MISC{integral,
AUTHOR={},
TITLE={Integralbild},
HOWPUBLISHED={ https://de.wikipedia.org/wiki/Integralbild},
YEAR={2017},
NOTE={Einsichtnahme: 22.03.2020}
}
@MISC{Eigenface,
AUTHOR={},
TITLE={Face recognition using OpenCV and Python},
HOWPUBLISHED={ https://www.superdatascience.com/blogs/opencv-face-recognition},
YEAR={2017},
NOTE={Einsichtnahme: 23.03.2020}
}
@MISC{Fisherface,
AUTHOR={},
TITLE={Opencv Dokumentation},
HOWPUBLISHED={ https://docs.opencv.org/2.4/modules/contrib/doc/facerec/facerec\_tutorial.html},
YEAR={2019},
NOTE={Einsichtnahme: 23.03.2020}
}
@MISC{Keras2,
TITLE={Einführung in Keras},
HOWPUBLISHED={ https://datasolut.com/einfuehrung-in-keras/},
NOTE={Einsichtnahme:15.03.2020}
}